@misc{costa2025deceivedetectdiscloselarge,
  title={Deceive, Detect, and Disclose: Large Language Models Play Mini-Mafia},
  author={Davi Bastos Costa and Renato Vicente},
  year={2025},
  eprint={2509.23023},
  archivePrefix={arXiv},
  primaryClass={cs.AI},
  url={https://arxiv.org/abs/2509.23023}
}

@inproceedings{abdulhai-etal-2024-moral,
  title     = {Moral Foundations of Large Language Models},
  author    = {Abdulhai, Marwa and Serapio-Garc{\'\i}a, Gregory and Crepy, Clement and Valter, Daria and Canny, John and Jaques, Natasha},
  editor    = {Al{-}Onaizan, Yaser and Bansal, Mohit and Chen, Yun{-}Nung},
  booktitle = {Proceedings of the 2024 Conference on Empirical Methods in Natural Language Processing},
  month     = nov,
  year      = {2024},
  address   = {Miami, Florida, USA},
  publisher = {Association for Computational Linguistics},
  url       = {https://aclanthology.org/2024.emnlp-main.982/},
  doi       = {10.18653/v1/2024.emnlp-main.982},
  pages     = {17737--17752}
}

@misc{nunes2024hypocrites,
  title         = {Are Large Language Models Moral Hypocrites? A Study Based on Moral Foundations},
  author        = {Nunes, Jos{\'e} Luiz and Almeida, Guilherme F. C. F. and de Araujo, Marcelo and Barbosa, Simone D. J.},
  year          = {2024},
  eprint        = {2405.11100},
  archivePrefix = {arXiv},
  primaryClass  = {cs.AI},
  doi           = {10.48550/arXiv.2405.11100},
  note          = {Final version appears in the AAAI/ACM Conference on AI, Ethics, and Society (AIES 2024)}
}

@misc{aksoy2024whose,
  title         = {Whose Morality Do They Speak? Unraveling Cultural Bias in Multilingual Language Models},
  author        = {Aksoy, Meltem},
  year          = {2024},
  eprint        = {2412.18863},
  archivePrefix = {arXiv},
  primaryClass  = {cs.CL},
  doi           = {10.48550/arXiv.2412.18863}
}

@misc{bajpai2024insights,
  title        = {Insights into Moral Reasoning Capabilities of AI: A Comparative Study between Humans and Large Language Models},
  author       = {Bajpai, Srajal and Sameer, Ahmed and Fatima, Rabiya},
  year         = {2024},
  howpublished = {Research Square preprint},
  doi          = {10.21203/rs.3.rs-5336157/v1},
  url          = {https://doi.org/10.21203/rs.3.rs-5336157/v1}
}

@misc{ji2025moralbenchmoralevaluationllms,
      title={MoralBench: Moral Evaluation of LLMs}, 
      author={Jianchao Ji and Yutong Chen and Mingyu Jin and Wujiang Xu and Wenyue Hua and Yongfeng Zhang},
      year={2025},
      eprint={2406.04428},
      archivePrefix={arXiv},
      primaryClass={cs.CL},
      url={https://arxiv.org/abs/2406.04428}, 
}

% MFQ and Moral Foundations references (placeholders; update with final bib data)
@misc{graham2011mfq,
  title={Moral Foundations Questionnaire},
  author={Graham, Jesse and Nosek, Brian A. and Haidt, Jonathan and Iyer, Ravi and Koleva, Spassena and Ditto, Peter H.},
  year={2011},
  howpublished={PsycTESTS Dataset},
  doi={10.1037/t05651-000}
}

@article{graham2009liberals,
  title={Liberals and conservatives rely on different sets of moral foundations},
  author={Graham, Jesse and Haidt, Jonathan and Nosek, Brian A.},
  journal={Journal of Personality and Social Psychology},
  volume={96},
  number={5},
  pages={1029--1046},
  year={2009},
  doi={10.1037/a0015141}
}

@article{haidt2007when,
  title={When Morality Opposes Justice: Conservatives Have Moral Intuitions that Liberals may not Recognize},
  author={Haidt, Jonathan and Graham, Jesse},
  journal={Social Justice Research},
  volume={20},
  number={1},
  pages={98--116},
  year={2007},
  doi={10.1007/s11211-007-0034-z}
}

@misc{ge2025scalingsyntheticdatacreation,
  title         = {Scaling Synthetic Data Creation with 1,000,000,000 Personas},
  author        = {Tao Ge and Xin Chan and Xiaoyang Wang and Dian Yu and Haitao Mi and Dong Yu},
  year          = {2025},
  eprint        = {2406.20094},
  archivePrefix = {arXiv},
  primaryClass  = {cs.CL},
  url           = {https://arxiv.org/abs/2406.20094}
}

@misc{costa2025llmms,
  title        = {LLM Moral Susceptibility: Benchmark, prompts, runners, and analysis},
  author       = {Costa, Davi Bastos and Alves, Felippe and Vicente, Renato},
  year         = {2025},
  howpublished = {GitHub repository},
  url          = {https://github.com/bastoscostadavi/llm-moral-susceptibility},
  note         = {Accessed 2025-10-28}
}


@inproceedings{zhou2024sotopia,
  title     = {SOTOPIA: Interactive Evaluation for Social Intelligence in Language Agents},
  author    = {Zhou, Xuhui and others},
  booktitle = {Proceedings of the International Conference on Learning Representations (ICLR)},
  year      = {2024},
  url       = {https://arxiv.org/abs/2312.15880}
}

@article{pan2023machiavelli,
  title   = {Do the Rewards Justify the Means? Measuring Trade-Offs Between Rewards and Ethical Behavior in the {MACHIAVELLI} Benchmark},
  author  = {Pan, Alexander and others},
  journal = {arXiv preprint arXiv:2304.03279},
  year    = {2023},
  url     = {https://arxiv.org/abs/2304.03279}
}

@article{bianchi2024negotiationarena,
  title   = {How Well Can LLMs Negotiate? NegotiationArena Platform and Analysis},
  author  = {Bianchi, Federico and others},
  journal = {arXiv preprint arXiv:2402.05863},
  year    = {2024},
  url     = {https://arxiv.org/abs/2402.05863}
}

@inproceedings{chen-etal-2024-tombench,
  title     = {ToMBench: Benchmarking Theory of Mind in Large Language Models},
  author    = {Chen, Zhuang and others},
  booktitle = {Proceedings of the 62nd Annual Meeting of the Association for Computational Linguistics},
  year      = {2024},
  doi       = {10.18653/v1/2024.acl-long.847},
  url       = {https://aclanthology.org/2024.acl-long.847/}
}

@inproceedings{sap-etal-2019-social,
  title     = {Social {IQ}a: Commonsense Reasoning about Social Interactions},
  author    = {Sap, Maarten and others},
  booktitle = {Proceedings of EMNLP-IJCNLP},
  year      = {2019},
  doi       = {10.18653/v1/D19-1454},
  url       = {https://aclanthology.org/D19-1454/}
}

@inproceedings{hendrycks2021ethics,
  title     = {Aligning AI with Shared Human Values},
  author    = {Hendrycks, Dan and others},
  booktitle = {Proceedings of the International Conference on Learning Representations (ICLR)},
  year      = {2021},
  url       = {https://arxiv.org/abs/2008.02275}
}

@misc{moralfoundations2017questionnaires,
  author       = {{MFQ}},
  title        = {Moral Foundation Questionnaires},
  year         = {2017},
  month        = aug,
  day          = {26},
  howpublished = {\url{https://moralfoundations.org/questionnaires/}},
  note         = {Accessed: 2025-10-28}
}
